<?xml version="1.0" encoding="UTF-8"?>
<Doc:Document xmlns:xsi="http://www.w3.org/2001/XMLSchema-instance" xmlns:Doc="urn:iso:std:iso:20022:tech:xsd:pain.001.001.02">
    <Doc:pain.001.001.02>
        <Doc:GrpHdr>
            <Doc:MsgId>j*98jh9 i98juhfgu7j;[_+^%trcxie$ )u</Doc:MsgId>
            <Doc:CreDtTm>2002-09-09T16:34:44</Doc:CreDtTm>
            <Doc:Authstn>zefsdvxvwtuairrtvkff311sd5t1vb1hfth4bv4s
fvqdt4q4fq5dg4qsvfq5s4dfqsd4f</Doc:Authstn>
            <Doc:BtchBookg>false</Doc:BtchBookg>
            <Doc:NbOfTxs>25147896532</Doc:NbOfTxs>
            <Doc:CtrlSum>0.00000000000000001</Doc:CtrlSum>
            <Doc:Grpg>GRPD</Doc:Grpg>
            <Doc:InitgPty>
                <Doc:Nm>sdfsddsfghsbvbgeotgv;:=sdrfq;qskderjvcvc;=v=dgfpqsjf</Doc:Nm>
                <Doc:PstlAdr>
                    <Doc:AdrTp>MLTO</Doc:AdrTp>
                    <Doc:AdrLine>sdfsddsfghsbvbgeotgv;:=sdrfq;qskderjvcvc;=v=dgfpqsjf</Doc:AdrLine>
                    <Doc:StrtNm>sdfsddsfghsbvbgeotgv;:=sdrfq;qskderjvcvc;=v=dgfpqsjf</Doc:StrtNm>
                    <Doc:BldgNb>htyrde2q5e8iuhrc</Doc:BldgNb>
                    <Doc:PstCd>htyrde2q5e8iuhrc</Doc:PstCd>
                    <Doc:TwnNm>j*98jh9 i98juhfgu7j;[_+^%trcxie$ )u</Doc:TwnNm>
                    <Doc:CtrySubDvsn>j*98jh9 i98juhfgu7j;[_+^%trcxie$ )u</Doc:CtrySubDvsn>
                    <Doc:Ctry>NL</Doc:Ctry>
                </Doc:PstlAdr>
                <Doc:Id>
                    <Doc:OrgId>
                        <Doc:BIC>MSHKHKHXFXO</Doc:BIC>
                        <Doc:IBEI>ARMDR12342</Doc:IBEI>
                        <Doc:BEI>ESKOZAJJ</Doc:BEI>
                        <Doc:EANGLN>3023104569802</Doc:EANGLN>
                        <Doc:USCHU>CH555555</Doc:USCHU>
                        <Doc:DUNS>025493017</Doc:DUNS>
                        <Doc:BkPtyId>j*98jh9 i98juhfgu7j;[_+^%trcxie$ )u</Doc:BkPtyId>
                        <Doc:TaxIdNb>j*98jh9 i98juhfgu7j;[_+^%trcxie$ )u</Doc:TaxIdNb>
                        <Doc:PrtryId>
                            <Doc:Id>j*98jh9 i98juhfgu7j;[_+^%trcxie$ )u</Doc:Id>
                            <Doc:Issr>j*98jh9 i98juhfgu7j;[_+^%trcxie$ )u</Doc:Issr>
                        </Doc:PrtryId>
                    </Doc:OrgId>
                </Doc:Id>
                <Doc:CtryOfRes>NL</Doc:CtryOfRes>
            </Doc:InitgPty>
            <Doc:FwdgAgt>
                <Doc:FinInstnId>
                    <Doc:BIC>MSHKHKHXFXO</Doc:BIC>
                </Doc:FinInstnId>
                <Doc:BrnchId>
                    <Doc:Id>j*98jh9 i98juhfgu7j;[_+^%trcxie$ )u</Doc:Id>
                    <Doc:Nm>j*98jh9 i98juhfgu7j;[_+^%trcxie$ )u</Doc:Nm>
                    <Doc:PstlAdr>
                        <Doc:AdrTp>MLTO</Doc:AdrTp>
                        <Doc:AdrLine>sdfsddsfghsbvbgeotgv;:=sdrfq;qskderjvcvc;=v=dgfpqsjf</Doc:AdrLine>
                        <Doc:StrtNm>sdfsddsfghsbvbgeotgv;:=sdrfq;qskderjvcvc;=v=dgfpqsjf</Doc:StrtNm>
                        <Doc:BldgNb>htyrde2q5e8iuhrc</Doc:BldgNb>
                        <Doc:PstCd>htyrde2q5e8iuhrc</Doc:PstCd>
                        <Doc:TwnNm>j*98jh9 i98juhfgu7j;[_+^%trcxie$ )u</Doc:TwnNm>
                        <Doc:CtrySubDvsn>j*98jh9 i98juhfgu7j;[_+^%trcxie$ )u</Doc:CtrySubDvsn>
                        <Doc:Ctry>NL</Doc:Ctry>
                    </Doc:PstlAdr>
                </Doc:BrnchId>
            </Doc:FwdgAgt>
        </Doc:GrpHdr>
        <Doc:PmtInf>
            <Doc:PmtInfId>j*98jh9 i98juhfgu7j;[_+^%trcxie$ )u</Doc:PmtInfId>
            <Doc:PmtMtd>TRF</Doc:PmtMtd>
            <Doc:PmtTpInf>
                <Doc:InstrPrty>HIGH</Doc:InstrPrty>
                <Doc:SvcLvl>
                    <Doc:Cd>SDVA</Doc:Cd>
                </Doc:SvcLvl>
                <Doc:LclInstrm>
                    <Doc:Cd>External Code 5</Doc:Cd>
                </Doc:LclInstrm>
                <Doc:CtgyPurp>CASH</Doc:CtgyPurp>
            </Doc:PmtTpInf>
            <Doc:ReqdExctnDt>2001-12-31</Doc:ReqdExctnDt>
            <Doc:PoolgAdjstmntDt>2001-12-31</Doc:PoolgAdjstmntDt>
            <Doc:Dbtr>
                <Doc:Nm>sdfsddsfghsbvbgeotgv;:=sdrfq;qskderjvcvc;=v=dgfpqsjf</Doc:Nm>
                <Doc:PstlAdr>
                    <Doc:AdrTp>MLTO</Doc:AdrTp>
                    <Doc:AdrLine>sdfsddsfghsbvbgeotgv;:=sdrfq;qskderjvcvc;=v=dgfpqsjf</Doc:AdrLine>
                    <Doc:StrtNm>sdfsddsfghsbvbgeotgv;:=sdrfq;qskderjvcvc;=v=dgfpqsjf</Doc:StrtNm>
                    <Doc:BldgNb>htyrde2q5e8iuhrc</Doc:BldgNb>
                    <Doc:PstCd>htyrde2q5e8iuhrc</Doc:PstCd>
                    <Doc:TwnNm>j*98jh9 i98juhfgu7j;[_+^%trcxie$ )u</Doc:TwnNm>
                    <Doc:CtrySubDvsn>j*98jh9 i98juhfgu7j;[_+^%trcxie$ )u</Doc:CtrySubDvsn>
                    <Doc:Ctry>NL</Doc:Ctry>
                </Doc:PstlAdr>
                <Doc:Id>
                    <Doc:OrgId>
                        <Doc:BIC>MSHKHKHXFXO</Doc:BIC>
                        <Doc:IBEI>ARMDR12342</Doc:IBEI>
                        <Doc:BEI>ESKOZAJJ</Doc:BEI>
                        <Doc:EANGLN>3023104569802</Doc:EANGLN>
                        <Doc:USCHU>CH555555</Doc:USCHU>
                        <Doc:DUNS>025493017</Doc:DUNS>
                        <Doc:BkPtyId>j*98jh9 i98juhfgu7j;[_+^%trcxie$ )u</Doc:BkPtyId>
                        <Doc:TaxIdNb>j*98jh9 i98juhfgu7j;[_+^%trcxie$ )u</Doc:TaxIdNb>
                        <Doc:PrtryId>
                            <Doc:Id>j*98jh9 i98juhfgu7j;[_+^%trcxie$ )u</Doc:Id>
                            <Doc:Issr>j*98jh9 i98juhfgu7j;[_+^%trcxie$ )u</Doc:Issr>
                        </Doc:PrtryId>
                    </Doc:OrgId>
                </Doc:Id>
                <Doc:CtryOfRes>NL</Doc:CtryOfRes>
            </Doc:Dbtr>
            <Doc:DbtrAcct>
                <Doc:Id>
                    <Doc:IBAN>IT40S0542811101000000123456</Doc:IBAN>
                </Doc:Id>
                <Doc:Tp>
                    <Doc:Cd>CISH</Doc:Cd>
                </Doc:Tp>
                <Doc:Ccy>MDL</Doc:Ccy>
                <Doc:Nm>sdfsddsfghsbvbgeotgv;:=sdrfq;qskderjvcvc;=v=dgfpqsjf</Doc:Nm>
            </Doc:DbtrAcct>
            <Doc:DbtrAgt>
                <Doc:FinInstnId>
                    <Doc:BIC>MSHKHKHXFXO</Doc:BIC>
                </Doc:FinInstnId>
                <Doc:BrnchId>
                    <Doc:Id>j*98jh9 i98juhfgu7j;[_+^%trcxie$ )u</Doc:Id>
                    <Doc:Nm>j*98jh9 i98juhfgu7j;[_+^%trcxie$ )u</Doc:Nm>
                    <Doc:PstlAdr>
                        <Doc:AdrTp>MLTO</Doc:AdrTp>
                        <Doc:AdrLine>sdfsddsfghsbvbgeotgv;:=sdrfq;qskderjvcvc;=v=dgfpqsjf</Doc:AdrLine>
                        <Doc:StrtNm>sdfsddsfghsbvbgeotgv;:=sdrfq;qskderjvcvc;=v=dgfpqsjf</Doc:StrtNm>
                        <Doc:BldgNb>htyrde2q5e8iuhrc</Doc:BldgNb>
                        <Doc:PstCd>htyrde2q5e8iuhrc</Doc:PstCd>
                        <Doc:TwnNm>j*98jh9 i98juhfgu7j;[_+^%trcxie$ )u</Doc:TwnNm>
                        <Doc:CtrySubDvsn>j*98jh9 i98juhfgu7j;[_+^%trcxie$ )u</Doc:CtrySubDvsn>
                        <Doc:Ctry>NL</Doc:Ctry>
                    </Doc:PstlAdr>
                </Doc:BrnchId>
            </Doc:DbtrAgt>
            <Doc:DbtrAgtAcct>
                <Doc:Id>
                    <Doc:IBAN>IT40S0542811101000000123456</Doc:IBAN>
                </Doc:Id>
                <Doc:Tp>
                    <Doc:Cd>CISH</Doc:Cd>
                </Doc:Tp>
                <Doc:Ccy>MDL</Doc:Ccy>
                <Doc:Nm>sdfsddsfghsbvbgeotgv;:=sdrfq;qskderjvcvc;=v=dgfpqsjf</Doc:Nm>
            </Doc:DbtrAgtAcct>
            <Doc:UltmtDbtr>
                <Doc:Nm>sdfsddsfghsbvbgeotgv;:=sdrfq;qskderjvcvc;=v=dgfpqsjf</Doc:Nm>
                <Doc:PstlAdr>
                    <Doc:AdrTp>MLTO</Doc:AdrTp>
                    <Doc:AdrLine>sdfsddsfghsbvbgeotgv;:=sdrfq;qskderjvcvc;=v=dgfpqsjf</Doc:AdrLine>
                    <Doc:StrtNm>sdfsddsfghsbvbgeotgv;:=sdrfq;qskderjvcvc;=v=dgfpqsjf</Doc:StrtNm>
                    <Doc:BldgNb>htyrde2q5e8iuhrc</Doc:BldgNb>
                    <Doc:PstCd>htyrde2q5e8iuhrc</Doc:PstCd>
                    <Doc:TwnNm>j*98jh9 i98juhfgu7j;[_+^%trcxie$ )u</Doc:TwnNm>
                    <Doc:CtrySubDvsn>j*98jh9 i98juhfgu7j;[_+^%trcxie$ )u</Doc:CtrySubDvsn>
                    <Doc:Ctry>NL</Doc:Ctry>
                </Doc:PstlAdr>
                <Doc:Id>
                    <Doc:OrgId>
                        <Doc:BIC>MSHKHKHXFXO</Doc:BIC>
                        <Doc:IBEI>ARMDR12342</Doc:IBEI>
                        <Doc:BEI>ESKOZAJJ</Doc:BEI>
                        <Doc:EANGLN>3023104569802</Doc:EANGLN>
                        <Doc:USCHU>CH555555</Doc:USCHU>
                        <Doc:DUNS>025493017</Doc:DUNS>
                        <Doc:BkPtyId>j*98jh9 i98juhfgu7j;[_+^%trcxie$ )u</Doc:BkPtyId>
                        <Doc:TaxIdNb>j*98jh9 i98juhfgu7j;[_+^%trcxie$ )u</Doc:TaxIdNb>
                        <Doc:PrtryId>
                            <Doc:Id>j*98jh9 i98juhfgu7j;[_+^%trcxie$ )u</Doc:Id>
                            <Doc:Issr>j*98jh9 i98juhfgu7j;[_+^%trcxie$ )u</Doc:Issr>
                        </Doc:PrtryId>
                    </Doc:OrgId>
                </Doc:Id>
                <Doc:CtryOfRes>NL</Doc:CtryOfRes>
            </Doc:UltmtDbtr>
            <Doc:ChrgBr>DEBT</Doc:ChrgBr>
            <Doc:ChrgsAcct>
                <Doc:Id>
                    <Doc:IBAN>IT40S0542811101000000123456</Doc:IBAN>
                </Doc:Id>
                <Doc:Tp>
                    <Doc:Cd>CISH</Doc:Cd>
                </Doc:Tp>
                <Doc:Ccy>MDL</Doc:Ccy>
                <Doc:Nm>sdfsddsfghsbvbgeotgv;:=sdrfq;qskderjvcvc;=v=dgfpqsjf</Doc:Nm>
            </Doc:ChrgsAcct>
            <Doc:ChrgsAcctAgt>
                <Doc:FinInstnId>
                    <Doc:BIC>MSHKHKHXFXO</Doc:BIC>
                </Doc:FinInstnId>
                <Doc:BrnchId>
                    <Doc:Id>j*98jh9 i98juhfgu7j;[_+^%trcxie$ )u</Doc:Id>
                    <Doc:Nm>j*98jh9 i98juhfgu7j;[_+^%trcxie$ )u</Doc:Nm>
                    <Doc:PstlAdr>
                        <Doc:AdrTp>MLTO</Doc:AdrTp>
                        <Doc:AdrLine>sdfsddsfghsbvbgeotgv;:=sdrfq;qskderjvcvc;=v=dgfpqsjf</Doc:AdrLine>
                        <Doc:StrtNm>sdfsddsfghsbvbgeotgv;:=sdrfq;qskderjvcvc;=v=dgfpqsjf</Doc:StrtNm>
                        <Doc:BldgNb>htyrde2q5e8iuhrc</Doc:BldgNb>
                        <Doc:PstCd>htyrde2q5e8iuhrc</Doc:PstCd>
                        <Doc:TwnNm>j*98jh9 i98juhfgu7j;[_+^%trcxie$ )u</Doc:TwnNm>
                        <Doc:CtrySubDvsn>j*98jh9 i98juhfgu7j;[_+^%trcxie$ )u</Doc:CtrySubDvsn>
                        <Doc:Ctry>NL</Doc:Ctry>
                    </Doc:PstlAdr>
                </Doc:BrnchId>
            </Doc:ChrgsAcctAgt>
            <Doc:CdtTrfTxInf>
                <Doc:PmtId>
                    <Doc:InstrId>j*98jh9 i98juhfgu7j;[_+^%trcxie$ )u</Doc:InstrId>
                    <Doc:EndToEndId>j*98jh9 i98juhfgu7j;[_+^%trcxie$ )u</Doc:EndToEndId>
                </Doc:PmtId>
                <Doc:PmtTpInf>
                    <Doc:InstrPrty>HIGH</Doc:InstrPrty>
                    <Doc:SvcLvl>
                        <Doc:Cd>SDVA</Doc:Cd>
                    </Doc:SvcLvl>
                    <Doc:LclInstrm>
                        <Doc:Cd>External Code 5</Doc:Cd>
                    </Doc:LclInstrm>
                    <Doc:CtgyPurp>CASH</Doc:CtgyPurp>
                </Doc:PmtTpInf>
                <Doc:Amt>
                    <Doc:InstdAmt Ccy="EUR">0.99</Doc:InstdAmt>
                </Doc:Amt>
                <Doc:XchgRateInf>
                    <Doc:XchgRate>1</Doc:XchgRate>
                    <Doc:RateTp>SALE</Doc:RateTp>
                    <Doc:CtrctId>j*98jh9 i98juhfgu7j;[_+^%trcxie$ )u</Doc:CtrctId>
                </Doc:XchgRateInf>
                <Doc:ChrgBr>DEBT</Doc:ChrgBr>
                <Doc:ChqInstr>
                    <Doc:ChqTp>ELDR</Doc:ChqTp>
                    <Doc:ChqNb>j*98jh9 i98juhfgu7j;[_+^%trcxie$ )u</Doc:ChqNb>
                    <Doc:ChqFr>
                        <Doc:Nm>sdfsddsfghsbvbgeotgv;:=sdrfq;qskderjvcvc;=v=dgfpqsjf</Doc:Nm>
                        <Doc:Adr>
                            <Doc:AdrTp>MLTO</Doc:AdrTp>
                            <Doc:AdrLine>sdfsddsfghsbvbgeotgv;:=sdrfq;qskderjvcvc;=v=dgfpqsjf</Doc:AdrLine>
                            <Doc:StrtNm>sdfsddsfghsbvbgeotgv;:=sdrfq;qskderjvcvc;=v=dgfpqsjf</Doc:StrtNm>
                            <Doc:BldgNb>htyrde2q5e8iuhrc</Doc:BldgNb>
                            <Doc:PstCd>htyrde2q5e8iuhrc</Doc:PstCd>
                            <Doc:TwnNm>j*98jh9 i98juhfgu7j;[_+^%trcxie$ )u</Doc:TwnNm>
                            <Doc:CtrySubDvsn>j*98jh9 i98juhfgu7j;[_+^%trcxie$ )u</Doc:CtrySubDvsn>
                            <Doc:Ctry>NL</Doc:Ctry>
                        </Doc:Adr>
                    </Doc:ChqFr>
                    <Doc:DlvryMtd>
                        <Doc:Cd>CRCD</Doc:Cd>
                    </Doc:DlvryMtd>
                    <Doc:DlvrTo>
                        <Doc:Nm>sdfsddsfghsbvbgeotgv;:=sdrfq;qskderjvcvc;=v=dgfpqsjf</Doc:Nm>
                        <Doc:Adr>
                            <Doc:AdrTp>MLTO</Doc:AdrTp>
                            <Doc:AdrLine>sdfsddsfghsbvbgeotgv;:=sdrfq;qskderjvcvc;=v=dgfpqsjf</Doc:AdrLine>
                            <Doc:StrtNm>sdfsddsfghsbvbgeotgv;:=sdrfq;qskderjvcvc;=v=dgfpqsjf</Doc:StrtNm>
                            <Doc:BldgNb>htyrde2q5e8iuhrc</Doc:BldgNb>
                            <Doc:PstCd>htyrde2q5e8iuhrc</Doc:PstCd>
                            <Doc:TwnNm>j*98jh9 i98juhfgu7j;[_+^%trcxie$ )u</Doc:TwnNm>
                            <Doc:CtrySubDvsn>j*98jh9 i98juhfgu7j;[_+^%trcxie$ )u</Doc:CtrySubDvsn>
                            <Doc:Ctry>NL</Doc:Ctry>
                        </Doc:Adr>
                    </Doc:DlvrTo>
                    <Doc:InstrPrty>HIGH</Doc:InstrPrty>
                    <Doc:ChqMtrtyDt>2001-12-31</Doc:ChqMtrtyDt>
                    <Doc:FrmsCd>j*98jh9 i98juhfgu7j;[_+^%trcxie$ )u</Doc:FrmsCd>
                    <Doc:MemoFld>j*98jh9 i98juhfgu7j;[_+^%trcxie$ )u</Doc:MemoFld>
                    <Doc:RgnlClrZone>j*98jh9 i98juhfgu7j;[_+^%trcxie$ )u</Doc:RgnlClrZone>
                    <Doc:PrtLctn>j*98jh9 i98juhfgu7j;[_+^%trcxie$ )u</Doc:PrtLctn>
                </Doc:ChqInstr>
                <Doc:UltmtDbtr>
                    <Doc:Nm>sdfsddsfghsbvbgeotgv;:=sdrfq;qskderjvcvc;=v=dgfpqsjf</Doc:Nm>
                    <Doc:PstlAdr>
                        <Doc:AdrTp>MLTO</Doc:AdrTp>
                        <Doc:AdrLine>sdfsddsfghsbvbgeotgv;:=sdrfq;qskderjvcvc;=v=dgfpqsjf</Doc:AdrLine>
                        <Doc:StrtNm>sdfsddsfghsbvbgeotgv;:=sdrfq;qskderjvcvc;=v=dgfpqsjf</Doc:StrtNm>
                        <Doc:BldgNb>htyrde2q5e8iuhrc</Doc:BldgNb>
                        <Doc:PstCd>htyrde2q5e8iuhrc</Doc:PstCd>
                        <Doc:TwnNm>j*98jh9 i98juhfgu7j;[_+^%trcxie$ )u</Doc:TwnNm>
                        <Doc:CtrySubDvsn>j*98jh9 i98juhfgu7j;[_+^%trcxie$ )u</Doc:CtrySubDvsn>
                        <Doc:Ctry>NL</Doc:Ctry>
                    </Doc:PstlAdr>
                    <Doc:Id>
                        <Doc:OrgId>
                            <Doc:BIC>MSHKHKHXFXO</Doc:BIC>
                            <Doc:IBEI>ARMDR12342</Doc:IBEI>
                            <Doc:BEI>ESKOZAJJ</Doc:BEI>
                            <Doc:EANGLN>3023104569802</Doc:EANGLN>
                            <Doc:USCHU>CH555555</Doc:USCHU>
                            <Doc:DUNS>025493017</Doc:DUNS>
                            <Doc:BkPtyId>j*98jh9 i98juhfgu7j;[_+^%trcxie$ )u</Doc:BkPtyId>
                            <Doc:TaxIdNb>j*98jh9 i98juhfgu7j;[_+^%trcxie$ )u</Doc:TaxIdNb>
                            <Doc:PrtryId>
                                <Doc:Id>j*98jh9 i98juhfgu7j;[_+^%trcxie$ )u</Doc:Id>
                                <Doc:Issr>j*98jh9 i98juhfgu7j;[_+^%trcxie$ )u</Doc:Issr>
                            </Doc:PrtryId>
                        </Doc:OrgId>
                    </Doc:Id>
                    <Doc:CtryOfRes>NL</Doc:CtryOfRes>
                </Doc:UltmtDbtr>
                <Doc:IntrmyAgt1>
                    <Doc:FinInstnId>
                        <Doc:BIC>MSHKHKHXFXO</Doc:BIC>
                    </Doc:FinInstnId>
                    <Doc:BrnchId>
                        <Doc:Id>j*98jh9 i98juhfgu7j;[_+^%trcxie$ )u</Doc:Id>
                        <Doc:Nm>j*98jh9 i98juhfgu7j;[_+^%trcxie$ )u</Doc:Nm>
                        <Doc:PstlAdr>
                            <Doc:AdrTp>MLTO</Doc:AdrTp>
                            <Doc:AdrLine>sdfsddsfghsbvbgeotgv;:=sdrfq;qskderjvcvc;=v=dgfpqsjf</Doc:AdrLine>
                            <Doc:StrtNm>sdfsddsfghsbvbgeotgv;:=sdrfq;qskderjvcvc;=v=dgfpqsjf</Doc:StrtNm>
                            <Doc:BldgNb>htyrde2q5e8iuhrc</Doc:BldgNb>
                            <Doc:PstCd>htyrde2q5e8iuhrc</Doc:PstCd>
                            <Doc:TwnNm>j*98jh9 i98juhfgu7j;[_+^%trcxie$ )u</Doc:TwnNm>
                            <Doc:CtrySubDvsn>j*98jh9 i98juhfgu7j;[_+^%trcxie$ )u</Doc:CtrySubDvsn>
                            <Doc:Ctry>NL</Doc:Ctry>
                        </Doc:PstlAdr>
                    </Doc:BrnchId>
                </Doc:IntrmyAgt1>
                <Doc:IntrmyAgt1Acct>
                    <Doc:Id>
                        <Doc:IBAN>IT40S0542811101000000123456</Doc:IBAN>
                    </Doc:Id>
                    <Doc:Tp>
                        <Doc:Cd>CISH</Doc:Cd>
                    </Doc:Tp>
                    <Doc:Ccy>MDL</Doc:Ccy>
                    <Doc:Nm>sdfsddsfghsbvbgeotgv;:=sdrfq;qskderjvcvc;=v=dgfpqsjf</Doc:Nm>
                </Doc:IntrmyAgt1Acct>
                <Doc:IntrmyAgt2>
                    <Doc:FinInstnId>
                        <Doc:BIC>MSHKHKHXFXO</Doc:BIC>
                    </Doc:FinInstnId>
                    <Doc:BrnchId>
                        <Doc:Id>j*98jh9 i98juhfgu7j;[_+^%trcxie$ )u</Doc:Id>
                        <Doc:Nm>j*98jh9 i98juhfgu7j;[_+^%trcxie$ )u</Doc:Nm>
                        <Doc:PstlAdr>
                            <Doc:AdrTp>MLTO</Doc:AdrTp>
                            <Doc:AdrLine>sdfsddsfghsbvbgeotgv;:=sdrfq;qskderjvcvc;=v=dgfpqsjf</Doc:AdrLine>
                            <Doc:StrtNm>sdfsddsfghsbvbgeotgv;:=sdrfq;qskderjvcvc;=v=dgfpqsjf</Doc:StrtNm>
                            <Doc:BldgNb>htyrde2q5e8iuhrc</Doc:BldgNb>
                            <Doc:PstCd>htyrde2q5e8iuhrc</Doc:PstCd>
                            <Doc:TwnNm>j*98jh9 i98juhfgu7j;[_+^%trcxie$ )u</Doc:TwnNm>
                            <Doc:CtrySubDvsn>j*98jh9 i98juhfgu7j;[_+^%trcxie$ )u</Doc:CtrySubDvsn>
                            <Doc:Ctry>NL</Doc:Ctry>
                        </Doc:PstlAdr>
                    </Doc:BrnchId>
                </Doc:IntrmyAgt2>
                <Doc:IntrmyAgt2Acct>
                    <Doc:Id>
                        <Doc:IBAN>IT40S0542811101000000123456</Doc:IBAN>
                    </Doc:Id>
                    <Doc:Tp>
                        <Doc:Cd>CISH</Doc:Cd>
                    </Doc:Tp>
                    <Doc:Ccy>MDL</Doc:Ccy>
                    <Doc:Nm>sdfsddsfghsbvbgeotgv;:=sdrfq;qskderjvcvc;=v=dgfpqsjf</Doc:Nm>
                </Doc:IntrmyAgt2Acct>
                <Doc:IntrmyAgt3>
                    <Doc:FinInstnId>
                        <Doc:BIC>MSHKHKHXFXO</Doc:BIC>
                    </Doc:FinInstnId>
                    <Doc:BrnchId>
                        <Doc:Id>j*98jh9 i98juhfgu7j;[_+^%trcxie$ )u</Doc:Id>
                        <Doc:Nm>j*98jh9 i98juhfgu7j;[_+^%trcxie$ )u</Doc:Nm>
                        <Doc:PstlAdr>
                            <Doc:AdrTp>MLTO</Doc:AdrTp>
                            <Doc:AdrLine>sdfsddsfghsbvbgeotgv;:=sdrfq;qskderjvcvc;=v=dgfpqsjf</Doc:AdrLine>
                            <Doc:StrtNm>sdfsddsfghsbvbgeotgv;:=sdrfq;qskderjvcvc;=v=dgfpqsjf</Doc:StrtNm>
                            <Doc:BldgNb>htyrde2q5e8iuhrc</Doc:BldgNb>
                            <Doc:PstCd>htyrde2q5e8iuhrc</Doc:PstCd>
                            <Doc:TwnNm>j*98jh9 i98juhfgu7j;[_+^%trcxie$ )u</Doc:TwnNm>
                            <Doc:CtrySubDvsn>j*98jh9 i98juhfgu7j;[_+^%trcxie$ )u</Doc:CtrySubDvsn>
                            <Doc:Ctry>NL</Doc:Ctry>
                        </Doc:PstlAdr>
                    </Doc:BrnchId>
                </Doc:IntrmyAgt3>
                <Doc:IntrmyAgt3Acct>
                    <Doc:Id>
                        <Doc:IBAN>IT40S0542811101000000123456</Doc:IBAN>
                    </Doc:Id>
                    <Doc:Tp>
                        <Doc:Cd>CISH</Doc:Cd>
                    </Doc:Tp>
                    <Doc:Ccy>MDL</Doc:Ccy>
                    <Doc:Nm>sdfsddsfghsbvbgeotgv;:=sdrfq;qskderjvcvc;=v=dgfpqsjf</Doc:Nm>
                </Doc:IntrmyAgt3Acct>
                <Doc:CdtrAgt>
                    <Doc:FinInstnId>
                        <Doc:BIC>MSHKHKHXFXO</Doc:BIC>
                    </Doc:FinInstnId>
                    <Doc:BrnchId>
                        <Doc:Id>j*98jh9 i98juhfgu7j;[_+^%trcxie$ )u</Doc:Id>
                        <Doc:Nm>j*98jh9 i98juhfgu7j;[_+^%trcxie$ )u</Doc:Nm>
                        <Doc:PstlAdr>
                            <Doc:AdrTp>MLTO</Doc:AdrTp>
                            <Doc:AdrLine>sdfsddsfghsbvbgeotgv;:=sdrfq;qskderjvcvc;=v=dgfpqsjf</Doc:AdrLine>
                            <Doc:StrtNm>sdfsddsfghsbvbgeotgv;:=sdrfq;qskderjvcvc;=v=dgfpqsjf</Doc:StrtNm>
                            <Doc:BldgNb>htyrde2q5e8iuhrc</Doc:BldgNb>
                            <Doc:PstCd>htyrde2q5e8iuhrc</Doc:PstCd>
                            <Doc:TwnNm>j*98jh9 i98juhfgu7j;[_+^%trcxie$ )u</Doc:TwnNm>
                            <Doc:CtrySubDvsn>j*98jh9 i98juhfgu7j;[_+^%trcxie$ )u</Doc:CtrySubDvsn>
                            <Doc:Ctry>NL</Doc:Ctry>
                        </Doc:PstlAdr>
                    </Doc:BrnchId>
                </Doc:CdtrAgt>
                <Doc:CdtrAgtAcct>
                    <Doc:Id>
                        <Doc:IBAN>IT40S0542811101000000123456</Doc:IBAN>
                    </Doc:Id>
                    <Doc:Tp>
                        <Doc:Cd>CISH</Doc:Cd>
                    </Doc:Tp>
                    <Doc:Ccy>MDL</Doc:Ccy>
                    <Doc:Nm>sdfsddsfghsbvbgeotgv;:=sdrfq;qskderjvcvc;=v=dgfpqsjf</Doc:Nm>
                </Doc:CdtrAgtAcct>
                <Doc:Cdtr>
                    <Doc:Nm>sdfsddsfghsbvbgeotgv;:=sdrfq;qskderjvcvc;=v=dgfpqsjf</Doc:Nm>
                    <Doc:PstlAdr>
                        <Doc:AdrTp>MLTO</Doc:AdrTp>
                        <Doc:AdrLine>sdfsddsfghsbvbgeotgv;:=sdrfq;qskderjvcvc;=v=dgfpqsjf</Doc:AdrLine>
                        <Doc:StrtNm>sdfsddsfghsbvbgeotgv;:=sdrfq;qskderjvcvc;=v=dgfpqsjf</Doc:StrtNm>
                        <Doc:BldgNb>htyrde2q5e8iuhrc</Doc:BldgNb>
                        <Doc:PstCd>htyrde2q5e8iuhrc</Doc:PstCd>
                        <Doc:TwnNm>j*98jh9 i98juhfgu7j;[_+^%trcxie$ )u</Doc:TwnNm>
                        <Doc:CtrySubDvsn>j*98jh9 i98juhfgu7j;[_+^%trcxie$ )u</Doc:CtrySubDvsn>
                        <Doc:Ctry>NL</Doc:Ctry>
                    </Doc:PstlAdr>
                    <Doc:Id>
                        <Doc:OrgId>
                            <Doc:BIC>MSHKHKHXFXO</Doc:BIC>
                            <Doc:IBEI>ARMDR12342</Doc:IBEI>
                            <Doc:BEI>ESKOZAJJ</Doc:BEI>
                            <Doc:EANGLN>3023104569802</Doc:EANGLN>
                            <Doc:USCHU>CH555555</Doc:USCHU>
                            <Doc:DUNS>025493017</Doc:DUNS>
                            <Doc:BkPtyId>j*98jh9 i98juhfgu7j;[_+^%trcxie$ )u</Doc:BkPtyId>
                            <Doc:TaxIdNb>j*98jh9 i98juhfgu7j;[_+^%trcxie$ )u</Doc:TaxIdNb>
                            <Doc:PrtryId>
                                <Doc:Id>j*98jh9 i98juhfgu7j;[_+^%trcxie$ )u</Doc:Id>
                                <Doc:Issr>j*98jh9 i98juhfgu7j;[_+^%trcxie$ )u</Doc:Issr>
                            </Doc:PrtryId>
                        </Doc:OrgId>
                    </Doc:Id>
                    <Doc:CtryOfRes>NL</Doc:CtryOfRes>
                </Doc:Cdtr>
                <Doc:CdtrAcct>
                    <Doc:Id>
                        <Doc:IBAN>IT40S0542811101000000123456</Doc:IBAN>
                    </Doc:Id>
                    <Doc:Tp>
                        <Doc:Cd>CISH</Doc:Cd>
                    </Doc:Tp>
                    <Doc:Ccy>MDL</Doc:Ccy>
                    <Doc:Nm>sdfsddsfghsbvbgeotgv;:=sdrfq;qskderjvcvc;=v=dgfpqsjf</Doc:Nm>
                </Doc:CdtrAcct>
                <Doc:UltmtCdtr>
                    <Doc:Nm>sdfsddsfghsbvbgeotgv;:=sdrfq;qskderjvcvc;=v=dgfpqsjf</Doc:Nm>
                    <Doc:PstlAdr>
                        <Doc:AdrTp>MLTO</Doc:AdrTp>
                        <Doc:AdrLine>sdfsddsfghsbvbgeotgv;:=sdrfq;qskderjvcvc;=v=dgfpqsjf</Doc:AdrLine>
                        <Doc:StrtNm>sdfsddsfghsbvbgeotgv;:=sdrfq;qskderjvcvc;=v=dgfpqsjf</Doc:StrtNm>
                        <Doc:BldgNb>htyrde2q5e8iuhrc</Doc:BldgNb>
                        <Doc:PstCd>htyrde2q5e8iuhrc</Doc:PstCd>
                        <Doc:TwnNm>j*98jh9 i98juhfgu7j;[_+^%trcxie$ )u</Doc:TwnNm>
                        <Doc:CtrySubDvsn>j*98jh9 i98juhfgu7j;[_+^%trcxie$ )u</Doc:CtrySubDvsn>
                        <Doc:Ctry>NL</Doc:Ctry>
                    </Doc:PstlAdr>
                    <Doc:Id>
                        <Doc:OrgId>
                            <Doc:BIC>MSHKHKHXFXO</Doc:BIC>
                            <Doc:IBEI>ARMDR12342</Doc:IBEI>
                            <Doc:BEI>ESKOZAJJ</Doc:BEI>
                            <Doc:EANGLN>3023104569802</Doc:EANGLN>
                            <Doc:USCHU>CH555555</Doc:USCHU>
                            <Doc:DUNS>025493017</Doc:DUNS>
                            <Doc:BkPtyId>j*98jh9 i98juhfgu7j;[_+^%trcxie$ )u</Doc:BkPtyId>
                            <Doc:TaxIdNb>j*98jh9 i98juhfgu7j;[_+^%trcxie$ )u</Doc:TaxIdNb>
                            <Doc:PrtryId>
                                <Doc:Id>j*98jh9 i98juhfgu7j;[_+^%trcxie$ )u</Doc:Id>
                                <Doc:Issr>j*98jh9 i98juhfgu7j;[_+^%trcxie$ )u</Doc:Issr>
                            </Doc:PrtryId>
                        </Doc:OrgId>
                    </Doc:Id>
                    <Doc:CtryOfRes>NL</Doc:CtryOfRes>
                </Doc:UltmtCdtr>
                <Doc:InstrForCdtrAgt>
                    <Doc:Cd>CHQB</Doc:Cd>
                    <Doc:InstrInf>Y ki do#'q jopw jpojo fop  JIOJ Jo iu &amp;*()0-0   &amp;Y87 jopd op DUI _)%4"46 )__)) 090 _ 
  
l;k jl;
h
h
kojop jo; okjv .</Doc:InstrInf>
                </Doc:InstrForCdtrAgt>
                <Doc:InstrForDbtrAgt>Y ki do#'q jopw jpojo fop  JIOJ Jo iu &amp;*()0-0   &amp;Y87 jopd op DUI _)%4"46 )__)) 090 _ 
  
l;k jl;
h
h
kojop jo; okjv .</Doc:InstrForDbtrAgt>
                <Doc:Purp>
                    <Doc:Cd>External Purpose Code 5</Doc:Cd>
                </Doc:Purp>
                <Doc:RgltryRptg>
                    <Doc:DbtCdtRptgInd>DEBT</Doc:DbtCdtRptgInd>
                    <Doc:Authrty>
                        <Doc:AuthrtyNm>sdfsddsfghsbvbgeotgv;:=sdrfq;qskderjvcvc;=v=dgfpqsjf</Doc:AuthrtyNm>
                        <Doc:AuthrtyCtry>NL</Doc:AuthrtyCtry>
                    </Doc:Authrty>
                    <Doc:RgltryDtls>
                        <Doc:Cd>Did</Doc:Cd>
                        <Doc:Amt Ccy="EUR">0.99</Doc:Amt>
                        <Doc:Inf>j*98jh9 i98juhfgu7j;[_+^%trcxie$ )u</Doc:Inf>
                    </Doc:RgltryDtls>
                </Doc:RgltryRptg>
                <Doc:Tax>
                    <Doc:CdtrTaxId>j*98jh9 i98juhfgu7j;[_+^%trcxie$ )u</Doc:CdtrTaxId>
                    <Doc:CdtrTaxTp>j*98jh9 i98juhfgu7j;[_+^%trcxie$ )u</Doc:CdtrTaxTp>
                    <Doc:DbtrTaxId>j*98jh9 i98juhfgu7j;[_+^%trcxie$ )u</Doc:DbtrTaxId>
                    <Doc:TaxRefNb>Y ki do#'q jopw jpojo fop  JIOJ Jo iu &amp;*()0-0   &amp;Y87 jopd op DUI _)%4"46 )__)) 090 _ 
  
l;k jl;
h
h
kojop jo; okjv .</Doc:TaxRefNb>
                    <Doc:TtlTaxblBaseAmt Ccy="EUR">0.99</Doc:TtlTaxblBaseAmt>
                    <Doc:TtlTaxAmt Ccy="EUR">0.99</Doc:TtlTaxAmt>
                    <Doc:TaxDt>2001-12-31</Doc:TaxDt>
                    <Doc:TaxTpInf>
                        <Doc:CertId>j*98jh9 i98juhfgu7j;[_+^%trcxie$ )u</Doc:CertId>
                        <Doc:TaxTp>
                            <Doc:CtgyDesc>j*98jh9 i98juhfgu7j;[_+^%trcxie$ )u</Doc:CtgyDesc>
                            <Doc:Rate>24</Doc:Rate>
                            <Doc:TaxblBaseAmt Ccy="EUR">0.99</Doc:TaxblBaseAmt>
                            <Doc:Amt Ccy="EUR">0.99</Doc:Amt>
                        </Doc:TaxTp>
                    </Doc:TaxTpInf>
                </Doc:Tax>
                <Doc:RltdRmtInf>
                    <Doc:RmtId>j*98jh9 i98juhfgu7j;[_+^%trcxie$ )u</Doc:RmtId>
                    <Doc:RmtLctnMtd>POST</Doc:RmtLctnMtd>
                    <Doc:RmtLctnElctrncAdr>Y ki do#'q jopw jpojo fop  JIOJ Jo iu &amp;*()0-0   &amp;Y87 jopd op DUI _)%4"46 )__)) 090 _ 
  
l;k jl;
h
h
kojop jo; okjv .</Doc:RmtLctnElctrncAdr>
                    <Doc:RmtLctnPstlAdr>
                        <Doc:Nm>sdfsddsfghsbvbgeotgv;:=sdrfq;qskderjvcvc;=v=dgfpqsjf</Doc:Nm>
                        <Doc:Adr>
                            <Doc:AdrTp>MLTO</Doc:AdrTp>
                            <Doc:AdrLine>sdfsddsfghsbvbgeotgv;:=sdrfq;qskderjvcvc;=v=dgfpqsjf</Doc:AdrLine>
                            <Doc:StrtNm>sdfsddsfghsbvbgeotgv;:=sdrfq;qskderjvcvc;=v=dgfpqsjf</Doc:StrtNm>
                            <Doc:BldgNb>htyrde2q5e8iuhrc</Doc:BldgNb>
                            <Doc:PstCd>htyrde2q5e8iuhrc</Doc:PstCd>
                            <Doc:TwnNm>j*98jh9 i98juhfgu7j;[_+^%trcxie$ )u</Doc:TwnNm>
                            <Doc:CtrySubDvsn>j*98jh9 i98juhfgu7j;[_+^%trcxie$ )u</Doc:CtrySubDvsn>
                            <Doc:Ctry>NL</Doc:Ctry>
                        </Doc:Adr>
                    </Doc:RmtLctnPstlAdr>
                </Doc:RltdRmtInf>
                <Doc:RmtInf>
                    <Doc:Ustrd>Y ki do#'q jopw jpojo fop  JIOJ Jo iu &amp;*()0-0   &amp;Y87 jopd op DUI _)%4"46 )__)) 090 _ 
  
l;k jl;
h
h
kojop jo; okjv .</Doc:Ustrd>
                    <Doc:Strd>
                        <Doc:RfrdDocInf>
                            <Doc:RfrdDocTp>
                                <Doc:Cd>CREN</Doc:Cd>
                                <Doc:Issr>j*98jh9 i98juhfgu7j;[_+^%trcxie$ )u</Doc:Issr>
                            </Doc:RfrdDocTp>
                            <Doc:RfrdDocNb>j*98jh9 i98juhfgu7j;[_+^%trcxie$ )u</Doc:RfrdDocNb>
                        </Doc:RfrdDocInf>
                        <Doc:RfrdDocRltdDt>2001-12-31</Doc:RfrdDocRltdDt>
                        <Doc:RfrdDocAmt>
                            <Doc:TaxAmt Ccy="EUR">0.99</Doc:TaxAmt>
                        </Doc:RfrdDocAmt>
                        <Doc:CdtrRefInf>
                            <Doc:CdtrRefTp>
                                <Doc:Cd>PUOR</Doc:Cd>
                                <Doc:Issr>j*98jh9 i98juhfgu7j;[_+^%trcxie$ )u</Doc:Issr>
                            </Doc:CdtrRefTp>
                            <Doc:CdtrRef>j*98jh9 i98juhfgu7j;[_+^%trcxie$ )u</Doc:CdtrRef>
                        </Doc:CdtrRefInf>
                        <Doc:Invcr>
                            <Doc:Nm>sdfsddsfghsbvbgeotgv;:=sdrfq;qskderjvcvc;=v=dgfpqsjf</Doc:Nm>
                            <Doc:PstlAdr>
                                <Doc:AdrTp>MLTO</Doc:AdrTp>
                                <Doc:AdrLine>sdfsddsfghsbvbgeotgv;:=sdrfq;qskderjvcvc;=v=dgfpqsjf</Doc:AdrLine>
                                <Doc:StrtNm>sdfsddsfghsbvbgeotgv;:=sdrfq;qskderjvcvc;=v=dgfpqsjf</Doc:StrtNm>
                                <Doc:BldgNb>htyrde2q5e8iuhrc</Doc:BldgNb>
                                <Doc:PstCd>htyrde2q5e8iuhrc</Doc:PstCd>
                                <Doc:TwnNm>j*98jh9 i98juhfgu7j;[_+^%trcxie$ )u</Doc:TwnNm>
                                <Doc:CtrySubDvsn>j*98jh9 i98juhfgu7j;[_+^%trcxie$ )u</Doc:CtrySubDvsn>
                                <Doc:Ctry>NL</Doc:Ctry>
                            </Doc:PstlAdr>
                            <Doc:Id>
                                <Doc:OrgId>
                                    <Doc:BIC>MSHKHKHXFXO</Doc:BIC>
                                    <Doc:IBEI>ARMDR12342</Doc:IBEI>
                                    <Doc:BEI>ESKOZAJJ</Doc:BEI>
                                    <Doc:EANGLN>3023104569802</Doc:EANGLN>
                                    <Doc:USCHU>CH555555</Doc:USCHU>
                                    <Doc:DUNS>025493017</Doc:DUNS>
                                    <Doc:BkPtyId>j*98jh9 i98juhfgu7j;[_+^%trcxie$ )u</Doc:BkPtyId>
                                    <Doc:TaxIdNb>j*98jh9 i98juhfgu7j;[_+^%trcxie$ )u</Doc:TaxIdNb>
                                    <Doc:PrtryId>
                                        <Doc:Id>j*98jh9 i98juhfgu7j;[_+^%trcxie$ )u</Doc:Id>
                                        <Doc:Issr>j*98jh9 i98juhfgu7j;[_+^%trcxie$ )u</Doc:Issr>
                                    </Doc:PrtryId>
                                </Doc:OrgId>
                            </Doc:Id>
                            <Doc:CtryOfRes>NL</Doc:CtryOfRes>
                        </Doc:Invcr>
                        <Doc:Invcee>
                            <Doc:Nm>sdfsddsfghsbvbgeotgv;:=sdrfq;qskderjvcvc;=v=dgfpqsjf</Doc:Nm>
                            <Doc:PstlAdr>
                                <Doc:AdrTp>MLTO</Doc:AdrTp>
                                <Doc:AdrLine>sdfsddsfghsbvbgeotgv;:=sdrfq;qskderjvcvc;=v=dgfpqsjf</Doc:AdrLine>
                                <Doc:StrtNm>sdfsddsfghsbvbgeotgv;:=sdrfq;qskderjvcvc;=v=dgfpqsjf</Doc:StrtNm>
                                <Doc:BldgNb>htyrde2q5e8iuhrc</Doc:BldgNb>
                                <Doc:PstCd>htyrde2q5e8iuhrc</Doc:PstCd>
                                <Doc:TwnNm>j*98jh9 i98juhfgu7j;[_+^%trcxie$ )u</Doc:TwnNm>
                                <Doc:CtrySubDvsn>j*98jh9 i98juhfgu7j;[_+^%trcxie$ )u</Doc:CtrySubDvsn>
                                <Doc:Ctry>NL</Doc:Ctry>
                            </Doc:PstlAdr>
                            <Doc:Id>
                                <Doc:OrgId>
                                    <Doc:BIC>MSHKHKHXFXO</Doc:BIC>
                                    <Doc:IBEI>ARMDR12342</Doc:IBEI>
                                    <Doc:BEI>ESKOZAJJ</Doc:BEI>
                                    <Doc:EANGLN>3023104569802</Doc:EANGLN>
                                    <Doc:USCHU>CH555555</Doc:USCHU>
                                    <Doc:DUNS>025493017</Doc:DUNS>
                                    <Doc:BkPtyId>j*98jh9 i98juhfgu7j;[_+^%trcxie$ )u</Doc:BkPtyId>
                                    <Doc:TaxIdNb>j*98jh9 i98juhfgu7j;[_+^%trcxie$ )u</Doc:TaxIdNb>
                                    <Doc:PrtryId>
                                        <Doc:Id>j*98jh9 i98juhfgu7j;[_+^%trcxie$ )u</Doc:Id>
                                        <Doc:Issr>j*98jh9 i98juhfgu7j;[_+^%trcxie$ )u</Doc:Issr>
                                    </Doc:PrtryId>
                                </Doc:OrgId>
                            </Doc:Id>
                            <Doc:CtryOfRes>NL</Doc:CtryOfRes>
                        </Doc:Invcee>
                        <Doc:AddtlRmtInf>Y ki do#'q jopw jpojo fop  JIOJ Jo iu &amp;*()0-0   &amp;Y87 jopd op DUI _)%4"46 )__)) 090 _ 
  
l;k jl;
h
h
kojop jo; okjv .</Doc:AddtlRmtInf>
                    </Doc:Strd>
                </Doc:RmtInf>
            </Doc:CdtTrfTxInf>
        </Doc:PmtInf>
    </Doc:pain.001.001.02>
</Doc:Document>
